%% This BibTeX bibliography file was created using BibDesk.
%% http://bibdesk.sourceforge.net/


%% Created for Seth Johnson at 2010-01-15 15:01:56 -0500 


%% Saved with string encoding Unicode (UTF-8) 



@book{Lewis1993,
	Author = {Lewis, E. E. and Miller, W. F.},
	Title = {Computational Methods of Neutron Transport},
	Year = {1993}}

@phdthesis{till2015, 
	Author = {Till, A. T.},
	School = {Texas A$\&$M University},
	Title = {Finite Elements with Discontiguous Support for Energy Discretization in Particle Transport},
	Year = {2015}}

@techreport{Gelbard1960,
	Author = {Gelbard, E.},
	Institution = {Bettis  Atomic  Power  Laboratory},
	Number = {WAPD-BT-20},
	Title = {Application of spherical harmonics method to reactor problems},
	Year = {1960}}

@article{Spinks1967,
	Author = {Spinks, N.},
	Journal = {Nuclear Science and Engineering},
	Title = {Convergence of the Source Iteration Technique in Solution of
the Multigroup Neutron Transport or Diffusion Equations with External Source},
    Volume = {30:1},
    Pages =  {152--154},
	Year = {1967}}


	
